<record><leader>00000cas a2200000Ia 4500</leader><controlfield tag="001">10698545</controlfield><controlfield tag="008">840507d18641869ctudn ne      0    0eng d</controlfield><datafield ind1=" " ind2=" " tag="010"><subfield code="a">sn 84023006 </subfield></datafield><datafield ind1=" " ind2=" " tag="040"><subfield code="a">AQM</subfield><subfield code="b">eng</subfield><subfield code="c">AQM</subfield><subfield code="d">OCLCQ</subfield><subfield code="d">CUI</subfield><subfield code="d">OCLCA</subfield><subfield code="d">OCLCF</subfield></datafield><datafield ind1="1" ind2=" " tag="029"><subfield code="a">AU@</subfield><subfield code="b">000020228312</subfield></datafield><datafield ind1=" " ind2=" " tag="043"><subfield code="a">n-us-ct</subfield></datafield><datafield ind1=" " ind2="4" tag="050"><subfield code="a">AN</subfield></datafield><datafield ind1="0" ind2=" " tag="130"><subfield code="a">New Haven evening register (New Haven, Conn. : 1864)</subfield></datafield><datafield ind1="1" ind2="0" tag="245"><subfield code="a">New Haven evening register.</subfield></datafield><datafield ind1=" " ind2=" " tag="260"><subfield code="a">New Haven, Conn. :</subfield><subfield code="b">Osborn &amp; Baldwin</subfield></datafield><datafield ind1=" " ind2=" " tag="300"><subfield code="a">v. ;</subfield><subfield code="c">61 cm.</subfield></datafield><datafield ind1=" " ind2=" " tag="310"><subfield code="a">Daily (except Sun.)</subfield></datafield><datafield ind1="1" ind2=" " tag="362"><subfield code="a">Began with July 11, 1864 issue; ceased with Dec. 31, 1869 issue.</subfield><subfield code="z">Cf. Amer. newspapers, 1821-1936.</subfield></datafield><datafield ind1=" " ind2=" " tag="500"><subfield code="a">Publishers, 186&lt;9&gt;: M.A. Osborn &amp; Co.</subfield></datafield><datafield ind1=" " ind2=" " tag="500"><subfield code="a">Editors: M.A. Osborn, S.A. York, &lt;1869&gt;.</subfield></datafield><datafield ind1=" " ind2=" " tag="580"><subfield code="a">Weekly ed.: Columbian weekly register.</subfield></datafield><datafield ind1=" " ind2=" " tag="588"><subfield code="a">Description based on: Vol. 25, no. 73 (Mar. 28, 1865).</subfield></datafield><datafield ind1=" " ind2="0" tag="651"><subfield code="a">New Haven (Conn.)</subfield><subfield code="v">Newspapers.</subfield></datafield><datafield ind1=" " ind2="0" tag="651"><subfield code="a">New Haven County (Conn.)</subfield><subfield code="v">Newspapers.</subfield></datafield><datafield ind1=" " ind2="7" tag="655"><subfield code="a">Newspapers.</subfield><subfield code="2">rbgenr</subfield></datafield><datafield ind1=" " ind2="7" tag="655"><subfield code="a">Newspapers.</subfield><subfield code="2">fast</subfield><subfield code="0">(OCoLC)fst01423814</subfield></datafield><datafield ind1=" " ind2="7" tag="651"><subfield code="a">Connecticut</subfield><subfield code="z">New Haven.</subfield><subfield code="2">fast</subfield><subfield code="0">(OCoLC)fst01206280</subfield></datafield><datafield ind1=" " ind2="7" tag="651"><subfield code="a">Connecticut</subfield><subfield code="z">New Haven County.</subfield><subfield code="2">fast</subfield><subfield code="0">(OCoLC)fst01207938</subfield></datafield><datafield ind1="1" ind2=" " tag="700"><subfield code="a">Osborn, Minott Augur,</subfield><subfield code="d">1811-1877.</subfield></datafield><datafield ind1="1" ind2=" " tag="700"><subfield code="a">York, Samuel A.</subfield></datafield><datafield ind1=" " ind2=" " tag="752"><subfield code="a">United States</subfield><subfield code="b">Connecticut</subfield><subfield code="c">New Haven</subfield><subfield code="d">New Haven.</subfield></datafield><datafield ind1="1" ind2=" " tag="775"><subfield code="t">Columbian weekly register</subfield><subfield code="w">(DLC)sn 82014604</subfield><subfield code="w">(OCoLC)8787140</subfield></datafield><datafield ind1="0" ind2="0" tag="780"><subfield code="t">New-Haven daily register</subfield><subfield code="w">(DLC)sn 84023005</subfield><subfield code="w">(OCoLC)10690121</subfield></datafield><datafield ind1="0" ind2="0" tag="785"><subfield code="t">Evening register (New Haven, Conn.)</subfield><subfield code="w">(DLC)sn 84023007</subfield><subfield code="w">(OCoLC)10698606</subfield></datafield></record>